<?xml version="1.0" encoding="UTF-8"?><record xmlns="http://www.loc.gov/MARC21/slim" xmlns:cinclude="http://apache.org/cocoon/include/1.0" xmlns:zs="http://www.loc.gov/zing/srw/">
  <leader>00323nz  a2200121n  4500</leader>
  <controlfield tag="001">n  90643627 </controlfield>
  <controlfield tag="003">DLC</controlfield>
  <controlfield tag="005">19900511114251.3</controlfield>
  <controlfield tag="008">900511n| acannaab|          |n aaa |||  </controlfield>
  <datafield tag="010" ind1=" " ind2=" ">
    <subfield code="a">n  90643627 </subfield>
  </datafield>
  <datafield tag="040" ind1=" " ind2=" ">
    <subfield code="a">DLC</subfield>
    <subfield code="c">DLC</subfield>
  </datafield>
  <datafield tag="100" ind1="1" ind2="0">
    <subfield code="a">PoĚrsch, Barbara</subfield>
  </datafield>
  <datafield tag="670" ind1=" " ind2=" ">
    <subfield code="a">--ein Zeuge sei dieses Steinmal, 1988:</subfield>
    <subfield code="b">cover p. 3 (Barbara PoĚrsch)</subfield>
  </datafield>
</record>